<?xml version="1.0" encoding="UTF-8"?><record xmlns="http://www.loc.gov/MARC21/slim" xmlns:cinclude="http://apache.org/cocoon/include/1.0" xmlns:zs="http://www.loc.gov/zing/srw/">
  <leader>00467nz  a2200133n  4500</leader>
  <controlfield tag="001">n  96069465 </controlfield>
  <controlfield tag="003">DLC</controlfield>
  <controlfield tag="005">19960717122505.6</controlfield>
  <controlfield tag="008">960717n| acannaab|          |n aaa |||  </controlfield>
  <datafield tag="010" ind1=" " ind2=" ">
    <subfield code="a">n  96069465 </subfield>
  </datafield>
  <datafield tag="040" ind1=" " ind2=" ">
    <subfield code="a">DLC</subfield>
    <subfield code="c">DLC</subfield>
  </datafield>
  <datafield tag="100" ind1="1" ind2="0">
    <subfield code="a">Babcock, John V.</subfield>
    <subfield code="q">(John Vincent)</subfield>
  </datafield>
  <datafield tag="670" ind1=" " ind2=" ">
    <subfield code="a">Library of Congress Manuscript Division for Sims, W. S. Papers, 1856-1951</subfield>
    <subfield code="b">(John V. Babcock; correspondent)</subfield>
  </datafield>
  <datafield tag="670" ind1=" " ind2=" ">
    <subfield code="a">U.S. Navy Register, 1926:</subfield>
    <subfield code="b">p. 16 (John Vincent Babcock; commanding Wright)</subfield>
  </datafield>
</record>